\usepackage[backend=biber, style=numeric]{biblatex}
\addbibresource{your-bibliography-file.bib}
\usepackage{cite}

